
@article{NDT,
	author	=	{Peter Biber and Wolfgang StraBer},
	title =		{The Normal Distributions Transform: A New Approachto Laser Scan Matching},
	journal = 	{Proc. of IROS.IEEE 2003},
	pages =		{2743--2748},
	year = 		{2003},
}

@misc{rosserial,
    title = "Rosserial Arduino Library",
    note = "\url{https://www.arduino.cc/reference/en/libraries/rosserial-arduino-library/}",
    year =  {(2024-1閲覧)},
}

@misc{ddt_motor,
    title = {M5Stack DDT Motor M06/M15 Library},
    note = {\url{https://github.com/takex5g/M5_DDTMotor_M15M06}},
    year =  {(2024-1閲覧)},
}

@book{dijkstra,
	author =	"E. W. Dijkstra",
	title =		"A note on two problems in con- nexion with graphs",
	publisher =	"Numerische Mathematik",
	pages =		"269--271",
	year = 		1959,
}

@misc{state_lattice,
    title =     "{amslabtech/state\_lattice\_planner}",
    note =      "\url{https://github.com/amslabtech/state_lattice_planner.git}",
    year =      "(2024-1閲覧)",
}

@misc{tcexpl,
    title =     "{つくばチャレンジEX}",
    note =      "\url{https://tsukubachallenge.jp/2023/about/extra}",
    year =      "(2024-1閲覧)",
}

@misc{plateau_unity,
    title =     "PLATEAU SDK for Unity",
    note =      "\url{https://github.com/Project-PLATEAU/PLATEAU-SDK-for-Unity/}",
    year =      "(2024-1閲覧)",
}

@misc{pcl_mesh2pcd,
    title =     "{mesh2pcd}",
    note =      "\url{https://github.com/PointCloudLibrary/pcl/blob/master/tools/mesh2pcd.cpp}",
    year =      "(2024-1閲覧)",
}

@misc{pltsukuba,
    title =     "{3D都市モデル(Project PLATEAU)つくば市(2022年度)}",
    note =      "\url{https://www.geospatial.jp/ckan/dataset/plateau-08220-tsukuba-shi-2022}",
    year =      "(2024-1閲覧)",
}

@misc{ddt,
    title =     "{Direct Drive Tech DDT M0601C 111}",
    note =      "\url{https://www.switch-science.com/products/7646}",
    year =      "(2024-1閲覧)",
}

@misc{diode,
    title =     "{LM74610 スマート・ダイオードモジュール}",
    note =      "\url{https://strawberry-linux.com/catalog/items?code=17461}",
    year =      "(2024-1閲覧)",
}

@misc{atom,
    title =     "{M5Stack ATOM Matrix}",
    note =      "\url{https://www.switch-science.com/products/6260}",
    year =      "(2024-1閲覧)",
}

@misc{jetson,
    title =     "{NVIDIA Jetson Orin Nano}",
    note =      "\url{https://www.nvidia.com/ja-jp/autonomous-machines/embedded-systems/jetson-orin/}",
    year =      "(2024-1閲覧)",
}

@misc{yolo,
    title =     "YOLO v5",
    note =      "\url{https://github.com/ultralytics/yolov5}",
    year =      "(2024-1閲覧)",
}

@misc{ros,
    title =     "ROS Noetic Ninjemys",
    note =      "\url{https://wiki.ros.org/noetic}",
    year =      "(2024-1閲覧)",
}

