
@inproceedings{Inproc_03,
	author =	"著者氏名1 and 著者氏名2 and 著者氏名3",
	title =		"論文タイトル",
	booktitle =	"プロシーディングスの名前",
	year =		1986,
}

@techreport{Techrep_05,
	author =	"著者氏名1 and 著者氏名2 and 著者氏名3 and 著者氏名4",
	title =		"技報タイトル",
	institution =	"出版者",
	year =		1985,
}

@misc{Web_06,
	author =	"著者氏名",
	title =		"ホームページタイトル",
	note =	    "\url{http://www.pluto.ai.kyutech.ac.jp/NLP/}",
	year = 		"2017",
}
